@inproceedings{DBLP:conf/tacs/Werner97,
  author    = {Benjamin Werner},
  editor    = {Mart{\'{\i}}n Abadi and
               Takayasu Ito},
  title     = {Sets in Types, Types in Sets},
  booktitle = {Theoretical Aspects of Computer Software, Third International Symposium,
               {TACS} '97, Sendai, Japan, September 23-26, 1997, Proceedings},
  series    = {Lecture Notes in Computer Science},
  volume    = {1281},
  pages     = {530--346},
  publisher = {Springer},
  year      = {1997},
  doi       = {10.1007/BFb0014566},
}